@article{Clayton78,
  title={A model for association in bivariate life tables and its application in epidemiological studies of familial tendency in chronic disease incidence},
  author={Clayton, DG},
  journal={Biometrika},
  pages={141--151},
  year={1978},
  volume={65},
  doi={10.1093/biomet/65.1.141}
}

@article{Gumbel60,
  title={Distributions des valeurs extr\^emes en plusieurs dimensions},
  author={Gumbel, EJ},
  journal={Publ Inst Statist Univ Paris},
  pages={171--173},
  year={1960},
  volume={9}
}

@article{Hougaard86,
  title={A class of multivariate failure time distributions},
  author={Hougaard, P},
  journal={Biometrika},
  pages={671--678},
  year={1986},
  volume={73},
  doi={10.1093/biomet/73.3.671}
}

@BOOK{Nelsen06,
  title = {An Introduction to Copulas},
  publisher = {Springer Verlag},
  year = {2006},
  author = {Nelsen, R. B.},
  edition = {Second},
  citeulike-article-id = {10838613},
  owner = {f_rotolo},
  posted-at = {2012-06-28 13:03:38},
  priority = {2},
  timestamp = {2013.02.07}
}

@article{Kendall38,
  title={A new measure of rank correlation},
  author={Kendall, MG},
  journal={Biometrika},
  pages={81--93},
  year={1938},
  volume={30},
  number={1/2},
  URL={http://www.jstor.org/stable/2332226 }
}

@article{Plackett65,
  title={A class of bivariate distributions},
  author={Plackett, RL},
  journal={J Am Statist Assoc},
  pages={516--522},
  year={1965},
  volume={60},
  doi={10.1080/01621459.1965.10480807}
}
