@book{Nelsen06,
  title={An introduction to copulas},
  author={Nelsen, R B},
  year={2006},
  publisher={Springer},
  address = {New York, NY},
  doi = {10.1007/0-387-28678-0}
}

@article{Kendall38,
  title={A New Measure of Rank Correlation},
  author={Kendall, M G},
  journal={Biometrika},
  pages={81--93},
  year={1938},
  volume={30},
  number={1/2},
  URL={http://www.jstor.org/stable/2332226 }
}

@article{Hougaard86,
  title={A Class of Multivariate Failure Time Distributions},
  author={Hougaard, P},
  journal={Biometrika},
  pages={671--678},
  year={1986},
  volume={73},
  doi={10.1093/biomet/73.3.671}
}

@article{Plackett65,
  title={A class of Bivariate Distributions},
  author={Plackett, R L},
  journal={Journal of the American Statistical Association},
  pages={516--522},
  year={1965},
  volume={60},
  doi={10.1080/01621459.1965.10480807}
}

@article{Clayton78,
  title={A Model for Association in Bivariate Life Tables and its Application in Epidemiological Studies of Familial Tendency in Chronic Disease Incidence},
  author={Clayton, D G},
  journal={Biometrika},
  pages={141--151},
  year={1978},
  volume={65},
  doi={10.1093/biomet/65.1.141}
}


@article{Gumbel60,
  title={Distributions des valeurs extr{\^e}mes en plusieurs dimensions},
  author={Gumbel, E J},
  journal={Publ Inst Statist Univ Paris},
  volume={9},
  pages={171--3},
  year={1960}
}
